[gd_scene load_steps=11 format=2]

[ext_resource path="res://Assets/font/gameover.tres" type="DynamicFont" id=1]
[ext_resource path="res://Assets/font/GameSansSerif.tres" type="DynamicFont" id=2]
[ext_resource path="res://Assets/font/button_sansserif.tres" type="DynamicFont" id=3]
[ext_resource path="res://Scenes/WinRetry.gd" type="Script" id=4]
[ext_resource path="res://Scenes/WinEnd.gd" type="Script" id=5]

[sub_resource type="StyleBoxFlat" id=1]
bg_color = Color( 0.545098, 0.529412, 0.529412, 1 )
border_width_left = 20
border_width_top = 20
border_width_right = 20
border_width_bottom = 20
border_color = Color( 0, 0, 0, 1 )

[sub_resource type="StyleBoxFlat" id=2]
expand_margin_left = 8.0
expand_margin_right = 6.0
expand_margin_top = 10.0

[sub_resource type="StyleBoxFlat" id=3]
bg_color = Color( 0, 0, 0, 1 )
border_color = Color( 0, 0, 0, 1 )
corner_detail = 20
expand_margin_left = 8.0
expand_margin_right = 6.0
expand_margin_top = 10.0

[sub_resource type="StyleBoxFlat" id=4]
expand_margin_left = 8.0
expand_margin_right = 6.0
expand_margin_top = 10.0

[sub_resource type="StyleBoxFlat" id=5]
bg_color = Color( 0, 0, 0, 1 )
expand_margin_left = 8.0
expand_margin_right = 6.0
expand_margin_top = 10.0

[node name="WinScreen" type="CanvasLayer"]

[node name="PanelContainer" type="PanelContainer" parent="."]
margin_right = 1024.0
margin_bottom = 600.0
custom_styles/panel = SubResource( 1 )
__meta__ = {
"_edit_use_anchors_": false
}

[node name="MarginContainer" type="MarginContainer" parent="PanelContainer"]
margin_left = 122.0
margin_top = 148.0
margin_right = 902.0
margin_bottom = 451.0
size_flags_horizontal = 4
size_flags_vertical = 4
__meta__ = {
"_edit_use_anchors_": false
}

[node name="VBoxContainer" type="VBoxContainer" parent="PanelContainer/MarginContainer"]
margin_right = 780.0
margin_bottom = 303.0
custom_constants/separation = 46

[node name="Label" type="Label" parent="PanelContainer/MarginContainer/VBoxContainer"]
margin_right = 780.0
margin_bottom = 68.0
custom_fonts/font = ExtResource( 1 )
text = "Congratulations, you survived"
align = 1
valign = 1

[node name="Label2" type="Label" parent="PanelContainer/MarginContainer/VBoxContainer"]
margin_top = 114.0
margin_right = 780.0
margin_bottom = 160.0
size_flags_stretch_ratio = 0.0
custom_fonts/font = ExtResource( 2 )
text = "Care to try again?"
align = 1
valign = 1

[node name="VBoxContainer" type="VBoxContainer" parent="PanelContainer/MarginContainer/VBoxContainer"]
margin_top = 206.0
margin_right = 780.0
margin_bottom = 303.0
custom_constants/separation = 25

[node name="WinRetry" type="Button" parent="PanelContainer/MarginContainer/VBoxContainer/VBoxContainer"]
margin_left = 339.0
margin_right = 441.0
margin_bottom = 36.0
size_flags_horizontal = 4
size_flags_vertical = 4
custom_styles/hover = SubResource( 2 )
custom_styles/normal = SubResource( 3 )
custom_fonts/font = ExtResource( 3 )
text = "Retry"
script = ExtResource( 4 )

[node name="WinEnd" type="Button" parent="PanelContainer/MarginContainer/VBoxContainer/VBoxContainer"]
margin_left = 357.0
margin_top = 61.0
margin_right = 423.0
margin_bottom = 97.0
size_flags_horizontal = 4
size_flags_vertical = 4
custom_styles/hover = SubResource( 4 )
custom_styles/normal = SubResource( 5 )
custom_fonts/font = ExtResource( 3 )
text = "End"
script = ExtResource( 5 )

[connection signal="pressed" from="PanelContainer/MarginContainer/VBoxContainer/VBoxContainer/WinRetry" to="PanelContainer/MarginContainer/VBoxContainer/VBoxContainer/WinRetry" method="_on_WinRetry_pressed"]
[connection signal="pressed" from="PanelContainer/MarginContainer/VBoxContainer/VBoxContainer/WinEnd" to="PanelContainer/MarginContainer/VBoxContainer/VBoxContainer/WinEnd" method="_on_WinEnd_pressed"]
